@inproceedings{anderson10,
 author    = {R. A. Andersen, E. J. Hwang, G. H. Mulliken},
 title     = {Cognitive Neural Prosthetics},
 year      = {2010},
 booktitle = {Annu Rev Psychol 61},
}

@inproceedings{chestek09,
 author    = {C. A. Chestek, V. Gilja, P. Nuyujukian, R. J. Kier, F. Solzbacher, S. I. Ryu, R. R. Harrison, K. V. Shenoy},
 title     = {HermesC: Low-Power Wireless Neural Recording System for Freely Moving Primates},
 year      = {2009},
 booktitle = {Annu Rev Psychol 61},
}

